@ONLINE{gameloopPattern,
  title={Game Loop},
  subtitle={Game Programming Patterns -- Sequencing Patterns},
  author={Robert Nystrom},
  year={2009-2014},
  url={http://gameprogrammingpatterns.com/game-loop.html}
}

@ONLINE{gameloopImpl,
  title={Game loops -- Basic theory},
  author={Steven Van Impe},
  year={2015},
  month={Januar},
  url={http://svanimpe.be/blog/game-loops}
}
@ONLINE{gameloopImplFX,
  title={Game loops -- Applying the theory to JavaFX},
  author={Steven Van Impe},
  year={2015},
  month={Januar},
  url={http://svanimpe.be/blog/game-loops-fx}
}


@article{zobrist1970new,
  title={A new hashing method with application for game playing},
  author={Zobrist, Albert L},
  journal={ICCA journal},
  volume={13},
  number={2},
  pages={69--73},
  year={1970}
}
